% Encoding: UTF-8

@BOOK{Moore2002,
  title = {Introduction to the Practice of Statistics},
  publisher = {W. H. Freeman},
  year = {2002},
  author = {Moore, David and McCabe, George},
  owner = {jbuy519},
  timestamp = {2014.01.28}
}

@BOOK{Smits2011,
  title = {Onderzoek met SPSS en Excel},
  publisher = {Pearson Education},
  year = {2011},
  author = {Smits, Johan and Edens, Ronald},
  owner = {jbuy519},
  timestamp = {2014.01.23}
}

@Comment{jabref-meta: databaseType:biblatex;}
